
%% This BibTeX bibliography file was created using BibDesk.
%% http://bibdesk.sourceforge.net/

%% Created for Laura Arnemann at 2018-10-28 14:28:59 +0100 


%% Saved with string encoding Unicode (UTF-8) 


@article{bechtel,
  title={Preferences for international redistribution: The divide over the Eurozone bailouts},
  author={Bechtel, Michael and Hainmueller, Jens and Margalit, Yotam},
  journal={American Journal of Political Science},
  volume={58},
  number={4},
  pages={835--856},
  year={2014},
  publisher={Wiley}
}

@article{bachmann,
  title={Partisan bias in inflation expectations},
  author={Bachmann, Oliver and Gründler, Klaus and Potrafke, Niklas and Seiberlich, Ruben},
  journal={Public Choice},
  volume={forthcoming},
  year={2020},
  publisher={Springer}
}

@article{gerber,
  title={Partisanship, political control, and economic assessments},
  author={Gerber, Alan S. and Huber, Gregory A.},
  journal={American Journal of Political Science},
  volume={54},
  number={1},
  pages={153--173},
  year={2010},
  publisher={Wiley}
}


@article{evans,
  title={The political conditioning of economic perceptions},
  author={Evans, Geoffrey and Andersen, Robert},
  journal={Journal of Politics},
  volume={68},
  number={1},
  pages={194--207},
  year={2006},
  publisher={University of Chicago Press Chicago, IL}
}


@article{gillitzer,
  title={The effect of consumer sentiment on consumption: Cross-sectional evidence from elections},
  author={Gillitzer, Christian and Prasad, Nalini},
  journal={American Economic Journal: Macroeconomics},
  volume={10},
  number={4},
  pages={234--269},
  year={2018},
  publisher={University of Chicago Press Chicago, IL}
}


@article{mosler,
  title={How to handle in fiscal crisis in Greece: Empirical evidence based on a survey of economic experts},
  author={Mosler, Martin and Potrafke, Niklas and Reischmann, Markus},
  journal={Fiscal Studies},
  volume={40},
  number={3},
  pages={375--399},
  year={2019},
  publisher={Wiley}
}


@article{dezso,
  title={Lenders’ blind trust and borrowers’ blind spots: A descriptive investigation of personal loans},
  author={Dezs{\H{o}}, Linda and Loewenstein, George},
  journal={Journal of Economic Psychology},
  volume={33},
  number={5},
  pages={996--1011},
  year={2012},
  publisher={Elsevier}
}
@incollection{baumeister,
  title={Distortions of collective memory: How groups flatter and deceive themselves},
  author={Baumeister, Roy F and Hastings, Stephen},
  booktitle={Collective memory of political events},
  pages={289--306},
  year={2013},
  publisher={Psychology Press}
}

@article{abel,
  title={Competing national memories of World War II},
  author={Roediger, Henry L and Abel, Magdalena and Umanath, Sharda and Shaffer, Ruth A and Fairfield, Beth and Takahashi, Masanobu and Wertsch, James V},
  journal={Proceedings of the National Academy of Sciences},
  volume={116},
  number={34},
  pages={16678--16686},
  year={2019},
  publisher={National Acad Sciences}
}

@article{roedigerabel,
  title={Collective memory: A new arena of cognitive study},
  author={Roediger, Henry L and Abel, Magdalena},
  journal={Trends in Cognitive Sciences},
  volume={19},
  number={7},
  pages={359--361},
  year={2015},
  publisher={National Acad Sciences}
}


@article{agren,
  title={Human reconsolidation: A reactivation and update},
  author={Agren, Thomas},
  journal={Brain Research Bulletin},
  volume={105},
  pages={70--82},
  year={2014},
  publisher={Elsevier}
}
@techreport{alesina2
  title={Is Europe an optimal political area?},
  author={Alesina, Alberto and Tabellini, Guido and Trebbi, Francesco},
  year={2017},
  institution={National Bureau of Economic Research}
}
@article{bechtel2,
  title={Policy design and domestic support for international bailouts},
  author={Bechtel, Michael M and Hainmueller, Jens and Margalit, Yotam},
  journal={European Journal of Political Research},
  volume={56},
  number={4},
  pages={864--886},
  year={2017},
  publisher={Wiley Online Library}
}
@article{bell,
  title={How selfish is memory for cheaters? Evidence for moral and egoistic biases},
  author={Bell, Raoul and Schain, C{\'e}cile and Echterhoff, Gerald},
  journal={Cognition},
  volume={132},
  number={3},
  pages={437--442},
  year={2014},
  publisher={Elsevier}
}

@article{belmonte2019political,
  title={The political economy of collective memories: Evidence from Russian politics},
  author={Belmonte, Alessandro and Rochlitz, Michael},
  journal={Journal of Economic Behavior \& Organization},
  volume={168},
  pages={229--250},
  year={2019},
  publisher={Elsevier}
}

@article{dudai,
  title={The restless engram: consolidations never end},
  author={Dudai, Yadin},
  journal={Annual Review of Neuroscience},
  volume={35},
  pages={227--247},
  year={2012},
  publisher={Annual Reviews}
}
@article{dudai2016,
  title={Personal memory: Is it personal, is it memory?},
  author={Dudai, Yadin and Edelson, Micah G},
  journal={Memory Studies},
  volume={9},
  number={3},
  pages={275--283},
  year={2016},
  publisher={SAGE Publications Sage UK: London, England}
}
@article{hirstcollective,
  title={Collective memory from a psychological perspective},
  author={Hirst, William and Yamashiro, Jeremy K and Coman, Alin},
  journal={Trends in Cognitive Sciences},
  volume={22},
  number={5},
  pages={438--451},
  year={2018},
  publisher={Elsevier}
}
@article{fetzer,
  title={Did austerity cause Brexit?},
  author={Fetzer, Thiemo},
  journal={American Economic Review},
  volume={109},
  number={11},
  pages={3849--86},
  year={2019}
}
@article{fouka,
  title={Reprisals remembered: German-Greek conflict and car sales during the Euro crisis},
  author={Fouka, Vasiliki and Voth, Hans-Joachim},
  year={2013},
  publisher={CEPR Discussion Paper No. DP9704}
}
@article{lee,
  title={An update on memory reconsolidation updating},
  author={Lee, Jonathan LC and Nader, Karim and Schiller, Daniela},
  journal={Trends in Cognitive Sciences},
  volume={21},
  number={7},
  pages={531--545},
  year={2017},
  publisher={Elsevier}
} 

@article{nader,
  title={Fear memories require protein synthesis in the amygdala for reconsolidation after retrieval},
  author={Nader, Karim and Schafe, Glenn E and Le Doux, Joseph E},
  journal={Nature},
  volume={406},
  number={6797},
  pages={722--726},
  year={2000},
  publisher={Nature Publishing Group}
}
@article{olick,
  title={Collective memory: The two cultures},
  author={Olick, Jeffrey K},
  journal={Sociological Theory},
  volume={17},
  number={3},
  pages={333--348},
  year={1999},
  publisher={SAGE Publications Sage CA: Los Angeles, CA}
}
@article{roth,
  title={Subjective Models of the Macroeconomy: Evidence from Experts and a Representative Sample},
  author={Andre, Peter and Pizzinelli, Carlo and Roth, Christopher and Wohlfart, Johannes},
  journal={Available at SSRN 3355356},
  year={2019}
}

@article{peer,
  title={Beyond the Turk: Alternative platforms for crowdsourcing behavioral research},
  author={Peer, Eyal and Brandimarte, Laura and Samat, Sonam and Acquisti, Alessandro},
  journal={Journal of Experimental Social Psychology},
  volume={70},
  pages={153--163},
  year={2017},
  publisher={Elsevier}
}

@article{polyakova,
  title={Is European integration causing Europe to become more nationalist? Evidence from the 2007--9 financial crisis},
  author={Polyakova, Alina and Fligstein, Neil},
  journal={Journal of European Public Policy},
  volume={23},
  number={1},
  pages={60--83},
  year={2016},
  publisher={Taylor \& Francis}
}
@article{roodman,
  title={Fast and wild: Bootstrap inference in Stata using boottest},
  author={Roodman, David and Nielsen, Morten {\O}rregaard and MacKinnon, James G and Webb, Matthew D},
  journal={Stata Journal},
  volume={19},
  number={1},
  pages={4--60},
  year={2019},
  publisher={SAGE Publications Sage CA: Los Angeles, CA}
}
@article{roediger,
  title={Collective memory: a new arena of cognitive study},
  author={Roediger III, Henry L and Abel, Magdalena},
  journal={Trends in Cognitive Sciences},
  volume={19},
  number={7},
  pages={359--361},
  year={2015},
  publisher={Elsevier}
}
 @article{rigney,
  title={Remembrance as remaking: memories of the nation revisited},
  author={Rigney, Ann},
  journal={Nations and Nationalism},
  volume={24},
  number={2},
  pages={240--257},
  year={2018},
  publisher={Wiley Online Library}
}
@article{sapienza,
  title={Economic experts versus average Americans},
  author={Sapienza, Paola and Zingales, Luigi},
  journal={American Economic Review},
  volume={103},
  number={3},
  pages={636--42},
  year={2013}
}

@book{sherif,
  title={Intergroup conflict and cooperation: The Robbers Cave experiment},
  author={University of Oklahoma. Institute of Group Relations and Sherif, Muzafer},
  volume={10},
  year={1961},
  publisher={University Book Exchange Norman, OK}
}
@article{johnston,
  title={Economists and public opinion: Expert consensus and economic policy judgments},
  author={Johnston, Christopher D and Ballard, Andrew O},
  journal={Journal of Politics},
  volume={78},
  number={2},
  pages={443--456},
  year={2016},
  publisher={University of Chicago Press Chicago, IL}
}
@misc{halbwachs,
  title={On Collective Memory (new edition)},
  author={Halbwachs, Maurice},
  year={1925},
  publisher={Chicago: Chicago University Press}
}
@article{kuhn,
  title={Practising what you preach: how cosmopolitanism promotes willingness to redistribute across the European Union},
  author={Kuhn, Theresa and Solaz, Hector and van Elsas, Erika J},
  journal={Journal of European Public Policy},
  volume={25},
  number={12},
  pages={1759--1778},
  year={2018},
  publisher={Taylor \& Francis}
}


@article{cameron,
  title={A practitioner’s guide to cluster-robust inference},
  author={Cameron, A Colin and Miller, Douglas L},
  journal={Journal of Human Resources},
  volume={50},
  number={2},
  pages={317--372},
  year={2015},
  publisher={University of Wisconsin Press}
}